@Misc{ website:ofcom_facts,
	AUTHOR = "Ofcom",
	TITLE = "Facts \& figures",
	HOWPUBLISHED = "\url{http://media.ofcom.org.uk/facts/}",
	NOTE = "Accessed Mar 13, 2012"
}

@Misc{ ScrumXP,
	AUTHOR = "Ken Schwaber and Kane Mar",
	TITLE = "Scrum with XP",
	HOWPUBLISHED = "\url{http://www.informit.com/articles/article.aspx?p=26057}",
	NOTE = "Accessed Mar 10, 2012"
}

%Example reference

@Misc{ dardenne93,
	AUTHOR = "Axel van Lamsweerde Stephen Fickas {Anne Dardenne}",
	TITLE = "Goal-directed requirements acquisition",
	YEAR = 1993,
	HOWPUBLISHED = "Science of Computer Programming, Volume 20, Issues 1-2, Pages 3-50, ISSN 0167-6423, 10.1016/0167-6423(93)90021-G"
}

@Book{ Cockburn,
	AUTHOR = "A. Cockburn",
	TITLE = "Agile Software Development",
	YEAR = 2001,
	PUBLISHER = "Cockburn and Highsmith Series Editorsm ISBN 0201699699"
}

@Misc{ Brooks,
	AUTHOR = "Jr. {F.P. Brooks}",
	TITLE = "The Mythical Man-Month, anniversary ed.",
	YEAR = 1995,
	HOWPUBLISHED = "Addison-Wesley, Reading, Mass.",
	NOTE = "Accessed Jan 21, 2012"
}

@Misc{ website:git_scm,
	AUTHOR = "Git",
	TITLE = "Distributed revision control",
	HOWPUBLISHED = "\url{http://git-scm.com/}",
	NOTE = "Accessed Jan 18, 2012"
}

@Misc{ website:github,
	AUTHOR = "Github",
	TITLE = "Online project hosting using Git",
	HOWPUBLISHED = "\url{http://github.com/}",
	NOTE = "Accessed Jan 14, 2012"
}

@Misc{ website:catb_org,
	AUTHOR = "Eric Raymond",
	TITLE = "Understanding Version-Control Systems (DRAFT)",
	HOWPUBLISHED = "\url{http://www.catb.org/~esr/writings/version-control/version-control.html}",
	NOTE = "Accessed Jan 14, 2012"
}

@Misc{ website:pro_git_ch2,
	AUTHOR = "Scott Chacon",
	TITLE = "Pro Git",
	YEAR = 2009,
	HOWPUBLISHED = "\url{http://progit.org/book/ch5-2.html}"
}

@Misc{ website:twitter_dev,
	AUTHOR = "Twitter",
	TITLE = "Developers.",
	HOWPUBLISHED = "\url{http://dev.twitter.com}",
	NOTE = "Accessed Jan 25, 2012"
}

@Misc{ website:tfl_dev,
	AUTHOR = "Transport for London",
	TITLE = "Developers' Area",
	HOWPUBLISHED = "\url{http://www.tfl.gov.uk/businessandpartners/syndication/default.aspx}",
	NOTE = "Accessed Jan 25, 2012"
}

@Misc{ website:grid2lonlat_alg,
	AUTHOR = "Ordnance Survey",
	TITLE = "A guide to coordinate systems in Great Britain",
	HOWPUBLISHED = "\url{http://www.ordnancesurvey.co.uk/oswebsite/gps/information/coordinatesystemsinfo/guidecontents/}",
	NOTE = "Accessed Jan 25, 2012"
}

@Misc{ website:grid2lonlat_impl,
	AUTHOR = "Hannah Fry",
	TITLE = "Converting British National Grid to Latitude and Longitude II",
	HOWPUBLISHED = "\url{http://hannahfry.co.uk/2012/02/01/converting-british-national-grid-to-latitude-and-longitude-ii/}",
	NOTE = "Accessed Jan 25, 2012"
}

@Misc{ website:postgis_stdwithin,
	AUTHOR = "PostGIS",
	TITLE = "Spatial Relationships and Measurements",
	HOWPUBLISHED = "\url{http://postgis.refractions.net/docs/ST_DWithin.html}",
	NOTE = "Accessed Jan 25, 2012"
}

@Book{ Perkins,
	AUTHOR = "Jacob Perkins",
	TITLE = "Python Text Processing with NLTK 2.0 Cookbook",
	YEAR = 2010,
	PUBLISHER = "Packt Publishing Ltd., ISBN 978-1-849513-60-9"
	NOTE = "Accessed Feb 02, 2012"
}

@Book{ Bird,
	AUTHOR = "Steven Bird, Ewan Klein, and Edward Loper",
	TITLE = "Natural Language Processing with Python",
	YEAR = 2009,
	PUBLISHER = "O'Reilly Media Inc., ISBN 978-0-596-51649-9"
	NOTE = "Accessed Feb 01, 2012"
}

@Misc{ Barber,
	AUTHOR = "David Barber",
	TITLE = "Bayesian Reasoning and Machine Learning",
	YEAR = 2010,
	HOWPUBLISHED = "\url{http://web4.cs.ucl.ac.uk/staff/D.Barber/textbook/211111.pdf}",
	NOTE = "Accessed Feb 02, 2012"
}

@Misc{ Barber,
	AUTHOR = "David Barber",
	TITLE = "Bayesian Reasoning and Machine Learning",
	YEAR = 2010,
	HOWPUBLISHED = "\url{http://web4.cs.ucl.ac.uk/staff/D.Barber/textbook/211111.pdf}",
	NOTE = "Accessed Feb 02, 2012"
}