%Example reference
@MISC{website:skype_usage,
       AUTHOR = "Gigaom.com",
       TITLE = "Skype Q4 2009 by the numbers",
       YEAR = 2010,
       HOWPUBLISHED = "\url{http://gigaom.com/2010/04/20/skype-q4-2009-number/}"
}

